<?xml version="1.0" encoding="UTF-8"?><collection xmlns="http://www.loc.gov/MARC21/slim"><record><leader>00541nam--2200181-u-4500</leader><controlfield tag="001">000055421</controlfield><controlfield tag="002">20161230</controlfield><controlfield tag="005">20161230201052</controlfield><controlfield tag="008">130207s1000------------r-----000-0-eng-d</controlfield><datafield ind1=" " ind2=" " tag="040"><subfield code="a">IFIN-HH</subfield></datafield><datafield ind1=" " ind2=" " tag="080"><subfield code="a">802.0</subfield></datafield><datafield ind1="1" ind2=" " tag="110"><subfield code="a">Editura Enciclopedica Romana</subfield></datafield><datafield ind1="1" ind2="0" tag="245"><subfield code="a">Mica enciclopedie tehnica ilustrata</subfield><subfield code="b">Traducere din limba germana</subfield></datafield><datafield ind1=" " ind2=" " tag="260"><subfield code="a">Bucuresti</subfield><subfield code="b">Editura Enciclopedica Romana</subfield><subfield code="c">1973</subfield></datafield><datafield ind1=" " ind2=" " tag="300"><subfield code="a">310P</subfield></datafield><datafield ind1=" " ind2=" " tag="500"><subfield code="a">Titlul Original In Limba Germana: Wie Funktioniert Das?</subfield></datafield><datafield ind1=" " ind2=" " tag="852"><subfield code="a">D.486</subfield><subfield code="c">SLF</subfield></datafield><datafield ind1=" " ind2=" " tag="CAT"><subfield code="a">Sys</subfield><subfield code="c">20130207</subfield><subfield code="h">111718</subfield></datafield></record></collection>